@article{merris1994laplacian,
	title={Laplacian matrices of graphs: a survey},
	author={Merris, Russell},
	journal={Linear algebra and its applications},
	volume={197},
	pages={143--176},
	year={1994},
	publisher={Elsevier}
}

@article{alev2017graph,
	title={Graph Clustering using Effective Resistance},
	author={Alev, Vedat Levi and Anari, Nima and Lau, Lap Chi and Gharan, Shayan Oveis},
	journal={arXiv preprint arXiv:1711.06530},
	year={2017}
}

@article{barata2012moore,
	title={The {M}oore--{P}enrose Pseudoinverse: A tutorial review of the theory},
	author={Barata, Jo{\~a}o Carlos Alves and Hussein, Mahir Saleh},
	journal={Brazilian Journal of Physics},
	volume={42},
	number={1-2},
	pages={146--165},
	year={2012},
	publisher={Springer}
}

@article{vishnoi2013lx,
	title={Lx= b},
	author={Vishnoi, Nisheeth K and others},
	journal={Foundations and Trends{\textregistered} in Theoretical Computer Science},
	volume={8},
	number={1--2},
	pages={1--141},
	year={2013},
	publisher={Now Publishers, Inc.}
}

@book{fiedler2011matrices,
	title={Matrices and graphs in geometry},
	author={Fiedler, Miroslav},
	number={139},
	year={2011},
	publisher={Cambridge University Press}
}

@article{masuda2017random,
	title={Random walks and diffusion on networks},
	author={Masuda, Naoki and Porter, Mason A and Lambiotte, Renaud},
	journal={Physics reports},
	volume={716},
	pages={1--58},
	year={2017},
	publisher={Elsevier}
}

@article{fiedler2005geometry,
	title={Geometry of the Laplacian},
	author={Fiedler, Miroslav},
	journal={Linear algebra and its applications},
	volume={403},
	pages={409--413},
	year={2005},
	publisher={North-Holland}
}

@incollection{fiedler1993geometric,
	title={A geometric approach to the Laplacian matrix of a graph},
	author={Fiedler, Miroslav},
	booktitle={Combinatorial and Graph-Theoretical Problems in Linear Algebra},
	pages={73--98},
	year={1993},
	publisher={Springer}
}


@article{moore1920reciprocal,
	title={On the reciprocal of the general algebraic matrix},
	author={Moore, Eliakim H},
	journal={Bull. Am. Math. Soc.},
	volume={26},
	pages={394--395},
	year={1920}
}

@article{johnson1984extensions,
	title={Extensions of Lipschitz mappings into a Hilbert space},
	author={Johnson, William B and Lindenstrauss, Joram},
	journal={Contemporary mathematics},
	volume={26},
	number={189-206},
	pages={1},
	year={1984}
}

@article{dasgupta2003elementary,
	title={An elementary proof of a theorem of Johnson and Lindenstrauss},
	author={Dasgupta, Sanjoy and Gupta, Anupam},
	journal={Random Structures \& Algorithms},
	volume={22},
	number={1},
	pages={60--65},
	year={2003},
	publisher={Wiley Online Library}
}

@article{van2013double,
	title={Double orthogonality and the nature of networks},
	author={Van Mieghem, P},
	journal={Delft University of Technology},
	year={2013}
}

@article{cayley1841theorem,
	title={On a theorem in the geometry of position},
	author={Cayley, Arthur},
	journal={Cambridge Mathematical Journal},
	volume={2},
	pages={267--271},
	year={1841}
}

@article{Menger1928,
	author="Menger, Karl",
	title="Untersuchungen {\"u}ber allgemeine Metrik",
	journal="Mathematische Annalen",
	year="1928",
	month="Dec",
	day="01",
	volume="100",
	number="1",
	pages="75--163",
	issn="1432-1807",
	doi="10.1007/BF01448840",
	url="https://doi.org/10.1007/BF01448840"
}

@unpublished{shayanNotes,
	author={Ghayan, Sharan},  
	title={Recent Developments in  Approximation Algorithms: Electrical  Flows  and Effective Resistance},
	note={CSE 599 Course  Notes},
	year={2015}
}

@inproceedings{ding2011cover,
	title={Cover times, blanket times, and majorizing measures},
	author={Ding, Jian and Lee, James R and Peres, Yuval},
	booktitle={Proceedings of the forty-third annual ACM symposium on Theory of computing},
	pages={61--70},
	year={2011},
	organization={ACM}
}

@book{papadimitriou2003computational,
	title={Computational complexity},
	author={Papadimitriou, Christos H},
	year={2003},
	publisher={John Wiley and Sons Ltd.}
}

@book{prasolov1994problems,
	title={Problems and theorems in linear algebra},
	author={Prasolov, Viktor Vasil\_evich},
	volume={134},
	year={1994},
	publisher={American Mathematical Soc.}
}

@article{sylvester1851xxxvii,
	title={XXXVII. On the relation between the minor determinants of linearly equivalent quadratic functions},
	author={Sylvester, James Joseph},
	journal={The London, Edinburgh, and Dublin Philosophical Magazine and Journal of Science},
	volume={1},
	number={4},
	pages={295--305},
	year={1851},
	publisher={Taylor \& Francis}
}

@article{chen2007resistance,
	title={Resistance distance and the normalized Laplacian spectrum},
	author={Chen, Haiyan and Zhang, Fuji},
	journal={Discrete Applied Mathematics},
	volume={155},
	number={5},
	pages={654--661},
	year={2007},
	publisher={Elsevier}
}

@article{burton1993local,
	title={Local characteristics, entropy and limit theorems for spanning trees and domino tilings via transfer-impedances},
	author={Burton, Robert and Pemantle, Robin},
	journal={The Annals of Probability},
	pages={1329--1371},
	year={1993},
	publisher={JSTOR}
}

@article{arora2009expander,
	title={Expander flows, geometric embeddings and graph partitioning},
	author={Arora, Sanjeev and Rao, Satish and Vazirani, Umesh},
	journal={Journal of the ACM (JACM)},
	volume={56},
	number={2},
	pages={5},
	year={2009},
	publisher={ACM}
}

@book{kailath1999fast,
	title={Fast reliable algorithms for matrices with structure},
	author={Kailath, Thomas and Sayed, Ali H},
	year={1999},
	publisher={SIAM}
}

@inproceedings{williams2012multiplying, title={Multiplying matrices faster than coppersmith-winograd.}, author={Williams, Virginia Vassilevska}, booktitle={STOC}, volume={12}, pages={887--898}, year={2012}, organization={Citeseer} }

@article{stothers2010complexity,
	title={On the complexity of matrix multiplication},
	author={Stothers, Andrew James},
	year={2010},
	publisher={The University of Edinburgh}
}

@inproceedings{cook1971complexity,
	title={The complexity of theorem-proving procedures},
	author={Cook, Stephen A},
	booktitle={Proceedings of the third annual ACM symposium on Theory of computing},
	pages={151--158},
	year={1971},
	organization={ACM}
}



@inproceedings{babai2016graph,
	title={Graph isomorphism in quasipolynomial time},
	author={Babai, L{\'a}szl{\'o}},
	booktitle={Proceedings of the forty-eighth annual ACM symposium on Theory of Computing},
	pages={684--697},
	year={2016},
	organization={ACM}
}

@article{mckay2014practical,
	title={Practical graph isomorphism, II},
	author={McKay, Brendan D and Piperno, Adolfo},
	journal={Journal of Symbolic Computation},
	volume={60},
	pages={94--112},
	year={2014},
	publisher={Elsevier}
}

@book{knuth2011art,
	title={Art of Computer Programming, Volumes 1-4A Boxed Set},
	author={Knuth, Donald E},
	year={2011},
	publisher={Addison-Wesley Professional}
}

@article{krause1983steinerellipsoide,
	title={Steinerellipsoide.},
	author={Krause, Hans-Ulrich},
	journal={Elemente der Mathematik},
	volume={38},
	pages={137--142},
	year={1983}
}

@article{chaiken1978matrix,
	title={Matrix tree theorems},
	author={Chaiken, Seth and Kleitman, Daniel J},
	journal={Journal of combinatorial theory, Series A},
	volume={24},
	number={3},
	pages={377--381},
	year={1978},
	publisher={Elsevier}
}

@book{maxwell1873treatise,
	title={A treatise on electricity and magnetism},
	author={Maxwell, James Clerk},
	volume={1},
	year={1873},
	publisher={Oxford: Clarendon Press}
}

@article{Kirchhoff1847,
	author="Kirchhoff, Gustav",
	title="Uber die AutlGsung der Gleichungen, auf welche man bei der Unter- suchung der linearen Verteilung galvanischer Strijme gefuhrt wird", 
	journal="Ann. Phys. Chem.",
	year = "1847",
	pages="497--508",
	volume="72",
	notes={(English transl. IRE Trans. Circuit Theory CT-5 (1958), 4-7).}
}



@article{hawkins1975cauchy,
	title={Cauchy and the spectral theory of matrices},
	author={Hawkins, Thomas},
	journal={Historia Mathematica},
	volume={2},
	number={1},
	pages={1--29},
	year={1975},
	publisher={Elsevier}
}

@incollection{kaibel2003some,
	title={Some algorithmic problems in polytope theory},
	author={Kaibel, Volker and Pfetsch, Marc E},
	booktitle={Algebra, geometry and software systems},
	pages={23--47},
	year={2003},
	publisher={Springer}
}

@inproceedings{pan1999complexity,
	title={The complexity of the matrix eigenproblem},
	author={Pan, Victor Y and Chen, Zhao Q},
	booktitle={Proceedings of the thirty-first annual ACM symposium on Theory of computing},
	pages={507--516},
	year={1999},
	organization={ACM}
}

@incollection{karp1972reducibility,
	title={Reducibility among combinatorial problems},
	author={Karp, Richard M},
	booktitle={Complexity of computer computations},
	pages={85--103},
	year={1972},
	publisher={Springer}
}

@article{bremner1998primal,
	title={Primalâ€”dual methods for vertex and facet enumeration},
	author={Bremner, David and Fukuda, Komei and Marzetta, Ambros},
	journal={Discrete \& Computational Geometry},
	volume={20},
	number={3},
	pages={333--357},
	year={1998},
	publisher={Springer}
}

@article{steinitz1922polyeder,
	title={Polyeder und raumeinteilungen},
	author={Steinitz, Ernst},
	journal={Encyk der Math Wiss},
	volume={12},
	pages={38--43},
	year={1922}
}

@book{kleinberg2006algorithm,
	title={Algorithm design},
	author={Kleinberg, Jon and Tardos, Eva},
	year={2006},
	publisher={Pearson Education India}
}

@article{grunbaum1967convex,
	title={Convex polytopes},
	author={Gr{\"u}nbaum, Branko and Klee, Victor and Perles, Micha A and Shephard, Geoffrey Colin},
	year={1967},
	publisher={Springer}
}

@article{sharpe1967theorem,
	title={Theorem on resistive networks},
	author={Sharpe, GE},
	journal={Electronics letters},
	volume={3},
	number={10},
	pages={444--445},
	year={1967},
	publisher={IET}
}

@inproceedings{drineas2005approximating,
	title={Approximating a gram matrix for improved kernel-based learning},
	author={Drineas, Petros and Mahoney, Michael W},
	booktitle={International Conference on Computational Learning Theory},
	pages={323--337},
	year={2005},
	organization={Springer}
}

@phdthesis{ellens2011effective,
	title={Effective resistance and other graph measures for network robustness},
	author={Ellens, Wendy},
	year={2011},
	school={Master thesis, Leiden University}
}

@article{menger1931new,
	title={New foundation of Euclidean geometry},
	author={Menger, Karl},
	journal={American Journal of Mathematics},
	volume={53},
	number={4},
	pages={721--745},
	year={1931},
	publisher={JSTOR}
}

@article{torres2019geometric,
	title={Geometric Laplacian Eigenmap Embedding},
	author={Torres, Leo and Chan, Kevin S and Eliassi-Rad, Tina},
	journal={arXiv preprint arXiv:1905.09763},
	year={2019}
}

@book{tamassia2013handbook,
	title={Handbook of graph drawing and visualization},
	author={Tamassia, Roberto},
	year={2013},
	publisher={Chapman and Hall/CRC}
}

@article{erten2005simultaneous,
	title={Simultaneous graph drawing: Layout algorithms and visualization schemes.},
	author={Erten, Cesim and Kobourov, Stephen G and Le, Vu and Navabi, Armand},
	journal={J. Graph Algorithms Appl.},
	volume={9},
	number={1},
	pages={165--182},
	year={2005}
}

@book{jolliffe2011principal,
	title={Principal component analysis},
	author={Jolliffe, Ian},
	year={2011},
	publisher={Springer}
}

@book{kruskal1978multidimensional,
	title={Multidimensional scaling},
	author={Kruskal, Joseph B and Wish, Myron},
	volume={11},
	year={1978},
	publisher={Sage}
}

@inproceedings{brand2003unifying,
	title={A unifying theorem for spectral embedding and clustering.},
	author={Brand, Matthew and Huang, Kun},
	booktitle={AISTATS},
	year={2003}
}

@article{salnikov2018simplicial,
	title={Simplicial complexes and complex systems},
	author={Salnikov, Vsevolod and Cassese, Daniele and Lambiotte, Renaud},
	journal={European Journal of Physics},
	volume={40},
	number={1},
	pages={014001},
	year={2018},
	publisher={IOP Publishing}
}

@misc{chugg2019graph, 
	title={Graph-Simplex Correspondence Software},
	author={Chugg,  Ben},
	url={https://github.com/bchugg/graph-simplex},
	year=2019
}

@article{cheong2014ipe,
	title={The Ipe extensible drawing editor},
	author={Cheong, Otfried},
	journal={Online: http://ipe. otfried. org},
	year={2014}
}

@article{tetali1991random,
	title={Random walks and the effective resistance of networks},
	author={Tetali, Prasad},
	journal={Journal of Theoretical Probability},
	volume={4},
	number={1},
	pages={101--109},
	year={1991},
	publisher={Springer}
}

@article{mohar1991laplacian,
	title={The Laplacian spectrum of graphs},
	author={Mohar, Bojan and Alavi, Y and Chartrand, G and Oellermann, OR},
	journal={Graph theory, combinatorics, and applications},
	volume={2},
	number={871-898},
	pages={12},
	year={1991}
}

@article{wu2015emergent,
	title={Emergent complex network geometry},
	author={Wu, Zhihao and Menichetti, Giulia and Rahmede, Christoph and Bianconi, Ginestra},
	journal={Scientific reports},
	volume={5},
	pages={10073},
	year={2015},
	publisher={Nature Publishing Group}
}

@book{gross2001topological,
	title={Topological graph theory},
	author={Gross, Jonathan L and Tucker, Thomas W},
	year={2001},
	publisher={Courier Corporation}
}

@article{bengio2004learning,
	title={Learning eigenfunctions links spectral embedding and kernel PCA},
	author={Bengio, Yoshua and Delalleau, Olivier and Roux, Nicolas Le and Paiement, Jean-Fran{\c{c}}ois and Vincent, Pascal and Ouimet, Marie},
	journal={Neural computation},
	volume={16},
	number={10},
	pages={2197--2219},
	year={2004},
	publisher={MIT Press}
}

@article{roweis2000nonlinear,
	title={Nonlinear dimensionality reduction by locally linear embedding},
	author={Roweis, Sam T and Saul, Lawrence K},
	journal={science},
	volume={290},
	number={5500},
	pages={2323--2326},
	year={2000},
	publisher={American Association for the Advancement of Science}
}

@book{cox2000multidimensional,
	title={Multidimensional scaling},
	author={Cox, Trevor F and Cox, Michael AA},
	year={2000},
	publisher={Chapman and hall/CRC}
}

@inproceedings{belkin2002laplacian,
	title={Laplacian eigenmaps and spectral techniques for embedding and clustering},
	author={Belkin, Mikhail and Niyogi, Partha},
	booktitle={Advances in neural information processing systems},
	pages={585--591},
	year={2002}
}

@article{dean1997rectangle,
	title={Rectangle-visibility representations of bipartite graphs},
	author={Dean, Alice M and Hutchinson, Joan P},
	journal={Discrete Applied Mathematics},
	volume={75},
	number={1},
	pages={9--25},
	year={1997},
	publisher={Elsevier}
}

@article{de1990draw, title={How to draw a planar graph on a grid}, author={De Fraysseix, Hubert and Pach, J{'a}nos and Pollack, Richard}, journal={Combinatorica}, volume={10}, number={1}, pages={41--51}, year={1990}, publisher={Springer} }

@phdthesis{kant1993algorithms,
	title={Algorithms for drawing planar graphs},
	author={Kant, Goossen},
	year={1993}
}

@article{blasius2012simultaneous,
	title={Simultaneous embedding of planar graphs},
	author={Bl{\"a}sius, Thomas and Kobourov, Stephen G and Rutter, Ignaz},
	journal={arXiv preprint arXiv:1204.5853},
	year={2012}
}

@article{evans2016simultaneous,
	title={Simultaneous visibility representations of plane st-graphs using L-shapes},
	author={Evans, William S and Liotta, Giuseppe and Montecchiani, Fabrizio},
	journal={Theoretical Computer Science},
	volume={645},
	pages={100--111},
	year={2016},
	publisher={Elsevier}
}

@book{nishizeki2004planar,
	title={Planar graph drawing},
	author={Nishizeki, Takao and Rahman, Md Saidur},
	volume={12},
	year={2004},
	publisher={World Scientific Publishing Company}
}

@article{fruchterman1991graph,
	title={Graph drawing by force-directed placement},
	author={Fruchterman, Thomas MJ and Reingold, Edward M},
	journal={Software: Practice and experience},
	volume={21},
	number={11},
	pages={1129--1164},
	year={1991},
	publisher={Wiley Online Library}
}

@article{kamada1989algorithm,
	title={An algorithm for drawing general undirected graphs},
	author={Kamada, Tomihisa and Kawai, Satoru and others},
	journal={Information processing letters},
	volume={31},
	number={1},
	pages={7--15},
	year={1989},
	publisher={Citeseer}
}

@article{brass2007simultaneous,
	title={On simultaneous planar graph embeddings},
	author={Brass, Peter and Cenek, Eowyn and Duncan, Cristian A and Efrat, Alon and Erten, Cesim and Ismailescu, Dan P and Kobourov, Stephen G and Lubiw, Anna and Mitchell, Joseph SB},
	journal={Computational Geometry},
	volume={36},
	number={2},
	pages={117--130},
	year={2007},
	publisher={Elsevier}
}
@article{spielman2011graph,
	title={Graph sparsification by effective resistances},
	author={Spielman, Daniel A and Srivastava, Nikhil},
	journal={SIAM Journal on Computing},
	volume={40},
	number={6},
	pages={1913--1926},
	year={2011},
	publisher={SIAM}
}

@article{fiedler1998some,
	title={Some characterizations of symmetric inverse M-matrices},
	author={Fiedler, Miroslav},
	journal={Linear algebra and its applications},
	volume={275},
	pages={179--187},
	year={1998},
	publisher={Elsevier}
}

@inproceedings{penrose1955generalized,
	title={A generalized inverse for matrices},
	author={Penrose, Roger},
	booktitle={Mathematical proceedings of the Cambridge philosophical society},
	volume={51},
	number={3},
	pages={406--413},
	year={1955},
	organization={Cambridge University Press}
}

@article{klein1993resistance,
	title={Resistance distance},
	author={Klein, Douglas J and Randi{\'c}, Milan},
	journal={Journal of mathematical chemistry},
	volume={12},
	number={1},
	pages={81--95},
	year={1993},
	publisher={Springer}
}

@article{ghosh2008minimizing,
	title={Minimizing effective resistance of a graph},
	author={Ghosh, Arpita and Boyd, Stephen and Saberi, Amin},
	journal={SIAM review},
	volume={50},
	number={1},
	pages={37--66},
	year={2008},
	publisher={SIAM}
}

@article{van2017pseudoinverse,
	title={Pseudoinverse of the Laplacian and best spreader node in a network},
	author={Van Mieghem, Piet and Devriendt, Karel and Cetinay, H},
	journal={Physical Review E},
	volume={96},
	number={3},
	pages={032311},
	year={2017},
	publisher={APS}
}

@article{spielman2009spectral,
	title={Spectral graph theory},
	author={Spielman, Daniel},
	journal={Lecture Notes, Yale University},
	pages={740--0776},
	year={2009},
	publisher={Citeseer}
}

@book{chung1997spectral,
	title={Spectral graph theory},
	author={Chung, Fan RK and Graham, Fan Chung},
	number={92},
	year={1997},
	publisher={American Mathematical Soc.}
}

@book{axler1997linear,
	title={Linear algebra done right},
	author={Axler, Sheldon Jay},
	volume={2},
	year={1997},
	publisher={Springer}
}

@inproceedings{penrose1956best,
	title={On best approximate solutions of linear matrix equations},
	author={Penrose, Roger},
	booktitle={Mathematical Proceedings of the Cambridge Philosophical Society},
	volume={52},
	number={1},
	pages={17--19},
	year={1956},
	organization={Cambridge University Press}
}

@article{devriendt2018simplex,
	title={The simplex geometry of graphs},
	author={Devriendt, Karel and Van Mieghem, Piet},
	journal={arXiv preprint arXiv:1807.06475},
	year={2018}
}

@article{fiedler1995moore,
	title={Moore-Penrose involutions in the classes of Laplacians and simplices},
	author={Fiedler, Miroslav},
	journal={Linear and Multilinear Algebra},
	volume={39},
	number={1-2},
	pages={171--178},
	year={1995},
	publisher={Taylor \& Francis}
}

@article{kaibel2008complexity,
	title={On the complexity of isomorphism problems related to polytopes},
	author={Kaibel, Volker and Schwartz, Alexander},
	journal={Graphs and Combinatorics},
	year={2008}
}

@article{van2014graph,
	title={Graph eigenvectors, fundamental weights and centrality metrics for nodes in networks},
	author={Van Mieghem, Piet},
	journal={arXiv preprint arXiv:1401.4580},
	year={2014}
}

@book{van2010graph,
	title={Graph spectra for complex networks},
	author={Van Mieghem, Piet},
	year={2010},
	publisher={Cambridge University Press}
}